@book{tesismaria,
  title = {Enseñanza, evaluación y análisis de habilidades de pensamiento computacional en etapas tempranas},
  author = {María Zapata Cáceres},
  url = {https://burjcdigital.urjc.es/handle/10115/19965}
}

@book{europaPlan,
  title = {Publicación del informe: "Revisión del Pensamiento Computacional en la Educación Obligatoria".},
  author = {Instituto Nacional de Tecnologías Educativas y de Formación del Profesorado},
  url = {https://code.intef.es/noticias/publicacion-del-informe-revision-del-pensamiento-computacional-en-la-educacion-obligatoria/}
}

@book{boePrimaria,
  title = {Real Decreto 157/2022, de 1 de marzo, por el que se establecen la ordenación y las enseñanzas mínimas de la Educación Primaria.},
  author = {Ministerio de Educación y Formación Profesional},
  url = {https://www.boe.es/buscar/doc.php?id=BOE-A-2022-3296}
}

@book{boeSecundaria,  
  title = {Real Decreto 217/2022, de 29 de marzo, por el que se establece la ordenación y las enseñanzas mínimas de la Educación Secundaria Obligatoria.},
  author = {Ministerio de Educación y Formación Profesional},
  url = {https://www.boe.es/diario_boe/txt.php?id=BOE-A-2022-4975}
}

@book{github,
  title = {Pagína principal de GitHub},
  author = {GitHub Inc},
  url = {https://github.com}
}

@book{csharp,
  title = {Documentación de C\#},
  author = {Anders Hejlsberg, Microsoft},
  url = {https://learn.microsoft.com/en-us/dotnet/csharp/}
}

@book{unity,
  title = {Página principal de Unity},
  author = {Unity Technologies},
  url = {https://unity.com/}
}

@manual{FastNoiseLite,
  author       = {Jordan Peck},
  title        = {FastNoiseLite},
  url          = {https://github.com/Auburn/FastNoiseLite},
}

@manual{Git,
  author       = {Linus Torvalds},
  title        = {Git},
  url          = {https://git-scm.com/},
}

@manual{Repo,
  author       = {Linus Torvalds},
  title        = {Repositiorio EcoRescue},
  url          = {https://git-scm.com/},
}

@Comment{jabref-meta: databaseType:bibtex;}
